<record xmlns="http://www.loc.gov/MARC21/slim" xmlns:xsi="http://www.w3.org/2001/XMLSchema-instance" xsi:schemaLocation="http://www.loc.gov/MARC21/slim http://www.loc.gov/standards/marcxml/schema/MARC21slim.xsd">

  <leader>00849nam a2200193   4500</leader>
  <controlfield tag="008">160503b2004    cr a|||| |||| 00| | spa d</controlfield>
  <datafield tag="090" ind1=" " ind2=" ">
    <subfield code="a">04.02.01 </subfield>
    <subfield code="b">2193 </subfield>
  </datafield>
  <datafield tag="100" ind1="1" ind2=" ">
    <subfield code="9">1699</subfield>
    <subfield code="a">Lemineur, Marie Laure </subfield>
  </datafield>
  <datafield ind2="0" ind1="1" tag="245">
    <subfield code="a">Conociendo, promoviendo y trabajando con los comités tutelares y las juntas locales de protección /</subfield>
    <subfield code="c">Marie Laure Lemineur</subfield>
  </datafield>
  <datafield tag="260" ind2=" " ind1=" ">
    <subfield code="a">Costa Rica : </subfield>
    <subfield code="b">UNICEF; DINADECO, </subfield>
    <subfield code="c">2004</subfield>
  </datafield>
  <datafield ind2=" " ind1=" " tag="300">
    <subfield code="a">52 páginas; </subfield>
    <subfield code="b">ilustraciones</subfield>
  </datafield>
  <datafield ind1=" " ind2=" " tag="490">
    <subfield code="a">Guías para la promoción comunitaria de los derechos de la niñez y la adolescencia, </subfield>
    <subfield code="v">2</subfield>
  </datafield>
  <datafield tag="500" ind1=" " ind2=" ">
    <subfield code="a">Proyecto de Fortalecimiento de la Asociaciones de Desarrollo Comunal para la Niñez y la Adolescencia (CONADECO, DINADECO, Embajada de Canadá, UNICEF). </subfield>
  </datafield>
  <datafield tag="650" ind1="1" ind2="4">
    <subfield code="9">570</subfield>
    <subfield code="a">DERECHOS DEL NIÑO</subfield>
  </datafield>
  <datafield tag="650" ind2="4" ind1="1">
    <subfield code="9">59</subfield>
    <subfield code="a">NIÑOS</subfield>
  </datafield>
  <datafield tag="650" ind1="1" ind2="4">
    <subfield code="9">60</subfield>
    <subfield code="a">NIÑAS</subfield>
  </datafield>
  <datafield tag="650" ind2="4" ind1="1">
    <subfield code="9">5</subfield>
    <subfield code="a">ADOLESCENTES</subfield>
  </datafield>
  <datafield tag="942" ind2=" " ind1=" ">
    <subfield code="2">z</subfield>
    <subfield code="c">01</subfield>
  </datafield>
  <datafield ind1=" " ind2=" " tag="999">
    <subfield code="c">3197</subfield>
    <subfield code="d">3197</subfield>
  </datafield>
</record>